%% This BibTeX bibliography file was created using BibDesk.
%% http://bibdesk.sourceforge.net/


%% Created for Lauro Cesar Araujo at 2013-08-21 10:57:09 -0300 


%% Saved with string encoding Unicode (UTF-8)

%%%%%%%%%%%%%%%%%%%%%%%%%%%%%%%%%%%%%%%
%% Referências para Unified Process. %%
%%%%%%%%%%%%%%%%%%%%%%%%%%%%%%%%%%%%%%%

@book{sommerville2007,
    Title = {Engenharia de software},
    Author = {SOMMERVILLE, Ian},
    Edition = {8},
    Year = {2007},
    Publisher = {Pearson Addison-Wesley},
    Address = {São Paulo},
    Organization = {Pearson Addison-Wesley}
}

@Misc{mpdft-up,
    Author = {Ministério Público do Distrito Federal e Territórios - MPDFT},
    Howpublished = {Processo de Desenvolvimento de Sistemas do MPDFT},
    Keywords = {Processo de software, MPDFT-UP},
    Title = {MPDFT-UP},
    Url = {https://intranet.mpdft.mp.br/mpdft-up/},
    Urlaccessdate = {03 mar. 2014},
    Year = {2014},
    Bdsk-Url-1 = {https://intranet.mpdft.mp.br/mpdft-up/}
}

@book{larman2007utilizando,
  title={Utilizando UML e Padr{\~o}es},
  author={Larman, C.},
  isbn={9788560031528},
  url={http://books.google.com.br/books?id=ZHtcynS03DIC},
  year={2007},
  publisher={Bookman},
  
    Address = {São Paulo},
    Edition = {3}
}

@article{Beck:1999:ECE:619045.621348,
   author = {Beck, Kent},
 title = {Embracing Change with Extreme Programming},
 journal = {Computer},
 issue_date = {October 1999},
 volume = {32},
 number = {10},
 month = oct,
 year = {1999},
 issn = {0018-9162},
 pages = {70--77},
 numpages = {8},
 url = {http://dx.doi.org/10.1109/2.796139},
 doi = {10.1109/2.796139},
 acmid = {621348},
 publisher = {IEEE Computer Society Press},
 address = {Los Alamitos, CA, USA},
}

@Misc{agilemanifesto,
    Author = {Beck, Kent},
    Howpublished = {Manifesto para o desenvolvimento ágil de software},
    Keywords = {agile, manifesto},
    Title = {Manifesto para o desenvolvimento ágil de software},
    Url = {http://www.agilemanifesto.org/iso/ptbr/},
    Urlaccessdate = {20 mar. 2014},
    Year = {2014},
    Bdsk-Url-1 = {http://www.agilemanifesto.org/iso/ptbr/}
}

%    Date-Added = {2013-08-21 13:56:10 +0000},
%    Date-Modified = {2013-08-21 13:56:10 +0000},
%    Urlaccessdate = {21 ago 2013},

@Misc{souza2014,
    Author = {Vanderney Souza},
    Date-Added = {2013-03-23 21:39:21 +0000},
    Date-Modified = {2013-03-23 21:44:20 +0000},
    Howpublished = {Wiki do abnTeX2},
    Keywords = {Processo Unificado, Scrum, Metodologia Híbrida},
    Title = {Processo Unificado com Scrum: uma metodologia hibrida},
    Url = {http://vanderneysouza.blogspot.com.br/2012/07/blog-post.html},
    Urlaccessdate = {01 mar. 2014},
    Year = {2014},
    Bdsk-Url-1 = {http://vanderneysouza.blogspot.com.br/2012/07/blog-post.html}
}

@Misc{acordao-tcu-1603-2008,
    Author = {Tribunal de Contas da União - TCU},
    Howpublished = {Acórdão nº 1.603/2008},
    Keywords = {TCU, Acórdão nº 1.603/2008},
    Url = {http://www.tcu.gov.br/Consultas/Juris/Docs/judoc%5CAcord%5C20080814%5C008-380-2007-1-GP.doc},
    Urlaccessdate = {23 mar. 2014},
    Year = {2008},
    Bdsk-Url-1 = {http://www.tcu.gov.br/Consultas/Juris/Docs/judoc%5CAcord%5C20080814%5C008-380-2007-1-GP.doc}
}

@Misc{dou-20080818,
    Author = {Tribunal de Contas da União - TCU},
    Howpublished = {Acórdão nº 1.603/2008},
    Keywords = {DOU, TCU, Acórdão nº 1.603/2008},
    Url = {http://pesquisa.in.gov.br/imprensa/jsp/visualiza/index.jsp?jornal=1&pagina=243&data=18/08/2008},
    Pages = 243,
    Urlaccessdate = {23 mar. 2014},
    Year = {2008},
    Bdsk-Url-1 = {http://pesquisa.in.gov.br/imprensa/jsp/visualiza/index.jsp?jornal=1&pagina=243&data=18/08/2008}
}

@book{jacobson1999unified,
  title={The Unified Software Development Process},
  author={Jacobson, I. and Booch, G. and Rumbaugh, J.},
  isbn={9780321822000},
  series={Addison-Wesley Object Technology},
  url={http://books.google.com.br/books?id=t4UVnwEACAAJ},
  year={1999},
  publisher={Pearson Education, Limited}
}

@book{schwaber2002agile,
  title={Agile software development with scrum},
  author={Schwaber, K. and Beedle, M.},
  isbn={9780130676344},
  lccn={2001052400},
  series={Series in agile software development},
  url={http://books.google.com.br/books?id=BpFYAAAAYAAJ},
  year={2002},
  publisher={Prentice Hall}
}

@misc{Corporation1998,
    author = {Corporation, Rational S.},
    citeulike-article-id = {1098896},
    keywords = {bibtex-import-070210, process, rational, unified},
    posted-at = {2007-02-10 17:12:47},
    priority = {2},
    title = {{Rational Unified Process - Best Practices for Software Development Teams}},
    year = {1998}
}

@book{beck2000extreme,
  title={Extreme Programming Explained: Embrace Change},
  author={Beck, K.},
  isbn={9780201616415},
  lccn={99036995},
  series={An Alan R. Apt Book Series},
  url={http://books.google.com.br/books?id=G8EL4H4vf7UC},
  year={2000},
  publisher={Addison-Wesley}
}

@misc{portaria-22-2009,
    author = {Ministério Público do Distrito Federal e Territórios MPDFT},
    keywords = {MPDFT-UP},
    posted-at = {2009-09-22},
    title = {Portaria Normativa nº 22},
    year = {2009}
}

@Misc{mpdft,
    Author = {Ministério Público do Distrito Federal e Territórios - MPDFT},
    Keywords = {MPDFT},
    Title = {MPDFT},
    Url = {http://www.mpdft.mp.br/},
    Urlaccessdate = {03 mar. 2014},
    Year = {2014},
    Bdsk-Url-1 = {http://www.mpdft.mp.br/}
}

@book{pmi2008pmbok,
  title={Um Guia do Conjunto de Conhecimentos em Gerenciamento de Projetos},
  subtitle={Guia PMBOK},
  author={{P}roject {M}anagement {I}nstitute {PMI}},
  isbn={978-1-933890-70-8},
  series={P M series},
  year={2008},
  publisher={Project Management Institute, Inc.}
}

@article{larson:1999:IEEE,
 author = {LARSON, Erik W., GOBELI, David H.},
 title = {Significance of Project Management Structure on Development Sucess},
 journal = {IEEE Transactions on Engineering Management},
 issue_date = {May 1989},
 volume = {36},
 number = {2},
 month = may,
 year = {1989},
 pages = {119 - 125},
 numpages = {7},
 publisher = {IEEE Computer Society Press},
 address = {Los Alamitos, CA, USA}
}
